<?xml version="1.0" encoding="UTF-8"?><collection xmlns="http://www.loc.gov/MARC21/slim"><record><leader>00543nam--2200181-u-4500</leader><controlfield tag="001">000054961</controlfield><controlfield tag="002">20161230</controlfield><controlfield tag="005">20161230201051</controlfield><controlfield tag="008">120716s1000------------r-----000-0-ger-d</controlfield><datafield ind1=" " ind2=" " tag="040"><subfield code="a">IFIN-HH</subfield></datafield><datafield ind1=" " ind2=" " tag="041"><subfield code="a">ger</subfield></datafield><datafield ind1=" " ind2=" " tag="080"><subfield code="a">539.196.3:546.32(043)</subfield></datafield><datafield ind1="1" ind2=" " tag="100"><subfield code="a">Haas, Ulrich</subfield></datafield><datafield ind1="1" ind2="0" tag="245"><subfield code="a">Spinrelaxation von optisch gepumptem kalium im 42s1/2- grundzustand bei stosen mit edelgasen und stickstoff</subfield><subfield code="b">Dissertation</subfield><subfield code="c">Ulrich haas</subfield></datafield><datafield ind1=" " ind2=" " tag="260"><subfield code="a">Tubingen</subfield><subfield code="b">Universitat</subfield><subfield code="c">1978</subfield></datafield><datafield ind1=" " ind2=" " tag="300"><subfield code="a">36P</subfield></datafield><datafield ind1=" " ind2=" " tag="852"><subfield code="a">45975</subfield><subfield code="c">539.19</subfield></datafield><datafield ind1=" " ind2=" " tag="CAT"><subfield code="a">Sys</subfield><subfield code="c">20120716</subfield><subfield code="h">153831</subfield></datafield></record></collection>